% Encoding: UTF-8

@Article{Gebraeel2005,
  author  = {N. Z. Gebraeel and M. A. Lawley and R. Liu and J. K. Ryan},
  title   = {Residual-life distributions from component degradation signals: a bayesian approach},
  journal = {IEEE Transactions},
  year    = {2005},
  volume  = {37},
  number  = {6},
  pages   = {543-557},
}

@Conference{Zaidan2013,
  author    = {M.A. Zaidan and A.R. Mills and R.F. Harrison},
  title     = {Bayesian framework for aerospace gas turbine engine prognostics},
  booktitle = {Aerospace Conference},
  year      = {2013},
  editor    = {IEEE},
  pages     = {1-8},
}

@Article{Zhao2017,
  author  = {Z. Zhao and L. Bin and X. Wang and W. Lu},
  title   = {Remaining useful life prediction of aircraft engine based on degradation pattern learning},
  journal = {Reliability Engineering \& System Safety},
  year    = {2017},
  volume  = {164},
  pages   = {74-83},
}

@Article{Lee2014,
  author  = {J. Lee and F. Wu and W. Zhao and M. Ghaffari and L. Liao and D. Siegel},
  title   = {Prognostics and health management design for rotary machinery systems - Reviews, methodology and applications},
  journal = {Mechanical Systems and Signal Processing},
  year    = {2014},
  volume  = {42},
  number  = {12},
  pages   = {314-334},
}

@Article{Liu2009,
  author  = {J. Liu and G. Wang},
  title   = {A multi-state predictor with a variable input pattern for system state forecasting},
  journal = {Mechanical Systems and Signal Processing},
  year    = {2009},
  volume  = {23},
  number  = {5},
  pages   = {1586-1599},
}

@Article{Mosallam2013,
  author  = {A. Mosallam and K. Medjaher and N. Zerhouni},
  title   = {Nonparametric time series modelling for industrial prognostics and health management},
  journal = {The International Journal of Advanced Manufacturing Technology},
  year    = {2013},
  volume  = {69},
  number  = {5},
  pages   = {1685-1699},
}

@Article{Yu2001,
  author  = {W. Yu and H. Kuffi},
  title   = {A new stress-based fatigue life model for ball bearings},
  journal = {Tribology Transactions},
  year    = {2001},
  volume  = {44},
  number  = {1},
  pages   = {11-18},
}

@Article{Pecht2010,
  author  = {M. Pecht and Jaai},
  title   = {A prognostics and health management roadmap for information and electronics rich-systems},
  journal = {Microelectronics Reliability},
  year    = {2010},
  volume  = {50},
  number  = {3},
  pages   = {317-323},
}

@Article{Liu2012,
  author  = {J. Liu and M. Wang and Y. Yang},
  title   = {A data-model-fusion prognostic framework for dynamic system state forecasting},
  journal = {Engineering Applications of Artificial Intelligence},
  year    = {2012},
  volume  = {25},
  number  = {4},
  pages   = {814-823},
}

@Article{Qian2017,
  author  = {Y. Qian and R. Yan and R. X. Gao},
  title   = {A multi-time scale approach to remaining useful life prediction in rolling bearing},
  journal = {Mechanical Systems and Signal Processing},
  year    = {2017},
  volume  = {83},
  pages   = {549-567},
}

@Article{Gebraeel2004,
  author  = {N. Z. Gebraeel and M. A. Lawley and R. Li and V. Parmeshwaran},
  title   = {Residual-life distributions from component degradation signals: a neural-network approach},
  journal = {IEEE Transactions on Industrial Electronics},
  year    = {2004},
  volume  = {51},
  number  = {3},
  pages   = {150-172},
}

@Article{Benkedjouh2013,
  author  = {T. Benkedjouh and K. Medjaher and N. Zerhouni and S. Rechak},
  title   = {Remaining useful life estimation based on nonlinear feature reduction and support vector regression},
  journal = {Engineering Applications of Artificial Intelligence},
  year    = {2013},
  volume  = {26},
  number  = {7},
  pages   = {1751-1760},
}

@Article{Dong2007,
  author  = {M. Dong and D. He},
  title   = {A segmental hidden semi-Markov model (HSMM)-based diagnostics and prognostics framework and methodology},
  journal = {Mechanical Systems and Signal Processing},
  year    = {2007},
  volume  = {21},
  number  = {5},
  pages   = {2248-2266},
}

@Article{Li2018,
  author  = {X. Li and Q. Ding and J. Sun},
  title   = {Remaining Useful Life estimation in prognostics using deep Convolution Neural Networks},
  journal = {Reliability Engineering and System Safety},
  year    = {2018},
  volume  = {172},
  pages   = {1-11},
}

@Article{Sikorska2011,
  author  = {J. Z. Sikorska and M. Hodkiewicz and L. Ma},
  title   = {Prognostic modelling options for remaining useful life estimation by industry},
  journal = {Mechanical Systems and Signal Processing},
  year    = {2011},
  volume  = {25},
  number  = {5},
  pages   = {1803-1836},
}

@Misc{CMAPS2008,
  author       = {A. Saxena and K. Goebel},
  title        = {PHM08 challenge data set},
  howpublished = {[Online] Available at: https://ti.arc.nasa.gov/tech/dash/groups/pcoe/prognostic-data-repository/},
}

@Conference{Lim2016,
  author    = {P. Lim and C. K. Goh and K. C. Tan},
  title     = {A time window neural networks based framework for remaining useful life estimation},
  booktitle = {Proceedings International Joint Conference on Neural Networks},
  year      = {2016},
  pages     = {1746-1753},
}

@Conference{Saxena2008,
  author    = {A. Saxena and K. Goebel and D. Simon and N. Eklund},
  title     = {Damage propagation modeling for aircraft engine Run-to-Failure simulation},
  booktitle = {International Conference On Prognostics and Health Management},
  year      = {2008},
  editor    = {IEEE},
  pages     = {1-9},
}

@Book{Engelbrecht2007,
  title     = {Computational Intelligence. An Introduction},
  publisher = {Wiley},
  year      = {2007},
  author    = {Douglas P. Engelbrecht},
}

@Article{Storn1997,
  author   = {Storn, Rainer and Price, Kenneth},
  title    = {Differential Evolution -- A Simple and Efficient Heuristic for global Optimization over Continuous Spaces},
  journal  = {Journal of Global Optimization},
  year     = {1997},
  volume   = {11},
  number   = {4},
  pages    = {341--359},
  month    = {Dec},
  issn     = {1573-2916},
  abstract = {A new heuristic approach for minimizing possiblynonlinear and non-differentiable continuous spacefunctions is presented. By means of an extensivetestbed it is demonstrated that the new methodconverges faster and with more certainty than manyother acclaimed global optimization methods. The newmethod requires few control variables, is robust, easyto use, and lends itself very well to parallelcomputation.},
  day      = {01},
  doi      = {10.1023/A:1008202821328},
  url      = {https://doi.org/10.1023/A:1008202821328},
}

@Article{Ramasso2014,
  author  = {E. Ramasso},
  title   = {Investigating computational geometry for failure prognostics},
  journal = {International Journal of Prognostics and Health Management},
  year    = {2014},
  volume  = {5},
  number  = {1},
  pages   = {1-18},
}

@Conference{Peng2012,
  author    = {Y. Peng and H. Wang and J. Wang and D. Liu and X. Peng},
  title     = {A modified echo state network based remaining useful life estimation approach},
  booktitle = {IEEE Conference on Prognostics and Health Management},
  year      = {2012},
  pages     = {1-7},
  journal   = {Prognostics and Health Management (PMH)},
}

@Conference{Louen2013,
  author    = {C. Louen and S. X. Ding and C. Kandler},
  title     = {A new framework for remaining useful life estimation using support vector machine classifier},
  booktitle = {Conference on Control and Fault-Tolerant Systems},
  year      = {2013},
  pages     = {228-233},
}

@Article{Zhang2016,
  author  = {C. Zhang and P. Lim and A.K. Qin and K.C. Tan},
  title   = {Multiobjective deep belief networks ensemble for remaining useful life estimation in prognostics},
  journal = {IEEE Transactions on Neural Networks and Learning Systems},
  year    = {2016},
  volume  = {99},
  pages   = {1-13},
}

@Conference{Babu2016,
  author    = {G. S. Babu and P. Zhao and X. Li},
  title     = {Deep convolutional neural network based regression approach for estimation of remaining useful life},
  booktitle = {21st International Conference on Database Systems for Advanced Applications},
  year      = {2016},
  editor    = {Springer International Publishing},
  pages     = {214-228},
}

@Misc{scipy,
  author = {Eric Jones and Travis Oliphant and Pearu Peterson and others},
  title  = {{SciPy}: Open source scientific tools for {Python}},
  year   = {2001--},
  note   = {[Online; accessed 06/2018]},
  url    = {http://www.scipy.org/},
}

@Comment{jabref-meta: databaseType:bibtex;}
